2187 3125
544 923 613 980 Qui
636 947 723 979 multi
752 957 851 989 nuper
880 946 968 978 varia
991 945 1153 987 Odysseae
1184 945 1323 977 earmina
1353 944 1545 985 distinguere
1576 946 1754 985 coeperunt,
1773 953 1891 975 eorum
1920 943 2023 975 nullus
2046 943 2091 975 ita

438 996 472 1024 ut
493 992 537 1024 rei
561 991 742 1032 magnitudo
766 990 912 1031 exigebat
933 989 1078 1030 Necyian
1100 989 1312 1030 pertractavit.
1358 988 1496 1018 Fuerunt
1518 991 1631 1028 tamen,
1662 986 1714 1026 qui
1745 987 1839 1018 etiam
1862 986 1943 1018 hane
1965 991 2087 1028 partem

438 1036 629 1076 inchoarent,
653 1035 690 1066 G.
714 1034 752 1066 G.
774 1033 961 1073 Nitzsehius,
984 1033 1021 1063 A.
1039 1032 1262 1073 IIerrmannus,
1286 1032 1321 1063 F.
1340 1031 1452 1071 Lauer,
1475 1030 1514 1062 H.
1532 1030 1771 1070 Brausewester,
1795 1030 1964 1061 novissime
1986 1034 2089 1061 autem

437 1080 474 1111 A.
497 1079 660 1119 Kochlyus
680 1078 742 1119 (De
765 1077 927 1118 Odysseae
951 1075 1086 1107 Car-min.
1098 1076 1144 1106 III
1162 1086 1192 1117 p.
1208 1076 1246 1107 19
1266 1075 1346 1116 sqq.)
1371 1078 1402 1106 et
1423 1074 1467 1105 ita
1489 1074 1681 1117 inchoarent,
1704 1076 1738 1104 ut
1761 1073 1805 1105 sie
1829 1083 1952 1114 quoque
1975 1083 2090 1115 operae

437 1123 571 1165 pretium
595 1122 706 1153 secisse
728 1120 902 1152 videantur.
946 1119 1028 1150 Nam
1052 1119 1193 1160 plerique
1223 1129 1328 1150 eorum
1350 1117 1383 1149 id
1407 1116 1756 1158 studuerunt,primum
1778 1120 1811 1147 ut
1834 1117 1986 1158 Necyian,
2010 1127 2090 1157 quae

437 1166 564 1207 gravius
588 1175 682 1205 quam
705 1164 793 1195 multi
815 1164 869 1195 alii
892 1162 1055 1204 Odysseae
1084 1162 1143 1194 loci
1173 1162 1362 1203 interpolata
1394 1164 1457 1201 est,
1486 1160 1572 1192 hisce
1601 1160 1893 1201 interpolationibus
1922 1160 2091 1191 liberarent

438 1210 648 1250 vulgataeque
671 1207 814 1249 Neeyian
836 1207 1004 1248 genuinam
1032 1209 1242 1248 opponerent,
1274 1215 1354 1245 quae
1378 1204 1496 1236 ambitu
1526 1203 1622 1235 multo
1652 1203 1795 1235 breviore
1825 1204 1939 1244 suerat,
1968 1208 2032 1234 tum
2057 1207 2090 1234 ut

439 1262 561 1284 omnem
590 1253 682 1283 istam
711 1251 856 1292 Neeyian
888 1260 904 1281 e
934 1250 1073 1290 reliquae
1101 1248 1264 1290 Odysseae
1295 1258 1447 1289 compage
1474 1257 1601 1289 prorsus
1631 1246 1802 1278 tollendam
1833 1257 1901 1278 0550
1931 1246 2088 1288 docerent,

440 1306 571 1336 quorum
600 1295 663 1334 hoc,
688 1298 717 1326 et
745 1294 848 1336 ipsum
878 1293 982 1324 multis
1011 1293 1102 1325 facile
1131 1292 1322 1333 probabitur.
1367 1292 1450 1323 Nam
1479 1290 1525 1332 (id
1556 1289 1639 1331 quod
1668 1300 1685 1321 0
1709 1290 1826 1322 50110110
1850 1291 1995 1321 Plautino
2019 1294 2050 1322 et
2073 1300 2091 1322 e

438 1340 589 1381 scriptore
612 1348 726 1380 graeco
756 1349 807 1379 ap.
831 1337 1011 1369 Cramer-um
1034 1336 1152 1368 Anecd.
1194 1335 1293 1367 Paris.
1316 1335 1331 1366 Ι
1353 1346 1384 1377 p.
1410 1335 1449 1366 12
1472 1333 1651 1376 didicimus)
1681 1344 1822 1375 sparsam
1854 1334 1940 1376 prius
1962 1333 2091 1365 Homeri

438 1383 548 1425 poesin
570 1381 744 1424 Hipparchi
769 1382 860 1422 jussu
891 1384 1023 1421 quatuor
1050 1382 1163 1421 poetae
1193 1382 1465 1420 eoagmentarunt,
1496 1388 1575 1409 unus
1606 1377 1731 1409 nomine
1762 1378 1896 1418 incerto,
1926 1381 2091 1419 praeterea

438 1427 582 1468 Zopyrus
604 1425 800 1466 Heracleota,
823 1424 967 1466 Orpheus
991 1423 1172 1455 Crotoniata
1195 1426 1225 1454 ct
1243 1422 1460 1454 Onomacritus
1471 1421 1681 1452 Atheniensis,
1727 1420 1863 1458 Quorum
1886 1421 1947 1452 duo
1970 1421 2091 1462 priores

438 1471 497 1511 ipsi
531 1479 653 1510 quoque
683 1472 795 1511 poetae
819 1467 947 1511 Orphiei
977 1467 1109 1508 fuerant,
1140 1466 1358 1507 Onomaeritus
1381 1475 1465 1506 vero,
1496 1464 1536 1496 de
1560 1474 1620 1504 quo
1651 1464 1777 1496 homine
1806 1464 1893 1496 multi
1924 1465 2021 1495 multa
2044 1464 2091 1505 (ut

437 1513 616 1544 Lobeekius
639 1513 671 1544 in
694 1511 848 1553 Aglzmph.
872 1523 902 1553 p.
927 1511 988 1542 331
1013 1510 1093 1551 sqq.)
1117 1509 1272 1550 dixerunt,
1295 1520 1357 1541 non
1382 1509 1481 1541 solum
1500 1508 1638 1549 Orphica
1660 1508 1828 1549 scripserat
1851 1512 1880 1539 et
1903 1507 2090 1548 diffluxerat,

438 1567 545 1588 verum
569 1557 664 1588 etiam
686 1556 855 1587 Homerum
879 1555 978 1596 (velut
1000 1554 1031 1585 111
1056 1554 1114 1585 hae
1137 1554 1208 1595 ipsa
1220 1553 1343 1594 Neeyia
1361 1550 1466 1593 Ο11.λ’,
1491 1552 1662 1583 eoa—(304
1683 1561 1793 1583 versus
1816 1556 1887 1592 tres,
1910 1561 1971 1582 non
1994 1561 2090 1582 unum

438 1611 466 1631 v.
491 1600 566 1639 (304)
589 1603 618 1632 et
635 1600 795 1631 Musaeum
820 1602 902 1630 certo
926 1598 1137 1640 interpolamt,
1161 1597 1306 1637 idemque
1327 1597 1469 1637 Dionyso
1483 1595 1571 1637 orgia
1594 1594 1776 1626 condiderat
1796 1595 1915 1636 (judice
1929 1594 2089 1626 Lobeekio

437 1644 469 1675 in
503 1644 572 1685 Agl.
612 1654 643 1685 p.
678 1643 739 1674 692
774 1642 871 1684 sqq),
917 1641 1052 1682 denique
1093 1641 1151 1673 hoe
1192 1640 1335 1682 inprimis
1370 1642 1493 1681 egerat,
1545 1642 1578 1670 ut
1612 1638 1803 1670 Graecorum
1844 1639 1965 1670 animos
2005 1638 2089 1670 cultu

439 1688 567 1719 deorum
596 1686 732 1718 fanatico
768 1690 798 1718 et
829 1685 898 1717 dira
935 1684 1339 1727 superstitioneimpleret.
1395 1682 1559 1723 Quumque
1590 1682 1795 1714 certissimum
1832 1682 1871 1714 sit
1899 1686 1980 1713 totas
2010 1681 2090 1713 adeo

439 1732 571 1763 aliorum
594 1731 762 1772 epicorum,
786 1740 848 1761 non
871 1729 998 1760 Homeri
1022 1728 1208 1770 rhapsodias
1231 1728 1271 1759 ab
1295 1728 1344 1759 his
1367 1726 1578 1767 quatuor-viris
1602 1729 1631 1757 et
1653 1726 1685 1757 in
1708 1726 1840 1757 Iliadem
1863 1729 1893 1757 et
1916 1725 2091 1766 Odysseam

438 1785 500 1806 11011
524 1773 721 1806 51110111111110
744 1774 847 1805 illatas
871 1783 955 1804 esse:
987 1772 1063 1803 nihil
1087 1772 1173 1813 prius
1202 1771 1280 1803 nihil
1303 1771 1461 1811 antiquius
1491 1780 1584 1810 quum
1616 1770 1730 1801 caeteri
1760 1773 1824 1801 tum
1854 1779 1913 1809 quo
1945 1773 2010 1800 erat
2039 1769 2091 1800 vel

439 1819 541 1850 1111010
563 1818 614 1849 vel
636 1817 749 1849 furoris
772 1817 969 1848 simulatione
982 1816 1200 1848 Onomacritus
1222 1815 1370 1846 habuisse
1392 1814 1524 1854 videtur,
1549 1823 1642 1854 quam
1664 1817 1697 1844 ut
1709 1813 1833 1854 magica
1846 1813 1954 1844 Circae
1977 1813 2092 1853 poeula

441 1866 470 1893 et
484 1862 585 1893 Ulixis
609 1861 823 1893 evocationem
846 1860 984 1891 manium
1007 1859 1047 1890 ad
1060 1860 1229 1890 Homerum
1252 1862 1410 1890 auctorem
1433 1857 1614 1889 transferret
1637 1866 1818 1896 summaque
1837 1856 1964 1887 Homeri
1987 1859 2093 1887 aucto-

441 1906 532 1936 ritate
555 1905 680 1946 magiae
703 1908 732 1936 et
754 1903 1015 1946 psychomantiae
1038 1903 1114 1934 ritus
1138 1902 1282 1934 sanciret.
1327 1901 1366 1932 Et
1388 1902 1527 1942 protecto
1550 1900 1629 1932 haec
1653 1900 1773 1931 nefaria
1795 1901 1879 1931 trans
1892 1900 2090 1931 Onomaerito

441 1958 457 1980 0
480 1952 552 1980 voto
585 1948 800 1988 sententiaque
831 1947 923 1978 cessit
953 1957 1050 1987 usque
1079 1956 1125 1986 eo,
1156 1949 1189 1977 ut
1213 1945 1326 1977 Graeci
1348 1945 1493 1986 Necyian
1522 1944 1562 1976 ab
1585 1944 1653 1986 ipso
1677 1943 1812 1975 Homero
1844 1943 1992 1985 scriptam
2021 1952 2090 1974 esse

439 1992 498 2023 rati
523 2002 599 2032 quos
623 1992 687 2023 dixi
711 1991 787 2022 ritus
810 1991 969 2032 suscipere
992 2001 1054 2021 non
1078 1989 1264 2021 dubitarent.
1310 1988 1454 2020 Ceterum
1476 1987 1608 2019 Iliadem
1638 1997 1800 2028 magorum
1829 1987 1946 2019 artibus
1975 1996 2092 2027 carere,

441 2035 616 2077 Odyssean]
639 2039 743 2067 autem
766 2034 884 2066 eisdem
907 2034 1068 2065 abundare
1087 2033 1156 2073 jam
1179 2037 1301 2064 veteres
1325 2032 1486 2074 praeclare
1508 2031 1611 2062 mirati
1636 2035 1707 2062 sunt
1729 2030 1814 2072 apud
1836 2031 1972 2062 Plinium
1995 2030 2033 2061 N.
2052 2030 2091 2061 H.

439 2079 544 2120 XXX,
571 2081 585 2110 1
610 2080 628 2117 ξ
651 2079 679 2119 2,
711 2078 762 2117 qui
787 2078 896 2109 Circae
917 2077 1060 2119 inprimis
1090 2080 1120 2108 et
1141 2076 1273 2108 inferum
1298 2076 1474 2107 evocationi
1496 2074 1605 2106 Iliadis
1634 2074 1789 2106 silentium
1819 2078 1903 2105 recte
1936 2073 2091 2115 opposuit.

440 2122 499 2154 Sed
525 2122 668 2162 magicae
689 2122 844 2153 vanitates
868 2131 961 2162 quum
985 2120 1109 2151 omnino
1132 2120 1165 2151 in
1187 2120 1292 2151 Persis
1316 2123 1402 2150 ortae
1425 2121 1495 2150 sunt
1517 2129 1537 2150 a
1560 2118 1734 2157 Zoroastre,
1758 2121 1791 2148 ut
1813 2117 1914 2149 Plinio
1938 2117 1989 2148 l.l.
2013 2120 2092 2148 10510

439 2166 520 2197 inter
542 2169 685 2197 auctores
708 2165 861 2206 convenit,
884 2169 949 2195 tum
972 2163 1224 2205 neeyomantiam
1249 2173 1371 2203 quoque
1389 2162 1524 2194 aPersis
1543 2161 1676 2202 primum
1700 2161 1827 2192 allatam
1846 2170 1914 2192 esse
1927 2160 2091 2192 certissimi

440 2210 608 2250 scriptores
632 2212 792 2249 testantur,
816 2208 914 2239 Varro
937 2218 988 2249 ap.
1011 2207 1219 2248 Augustinum
1241 2206 1290 2238 De
1304 2206 1370 2237 Civ.
1381 2205 1442 2237 Dei
1453 2205 1520 2246 VII,
1534 2205 1584 2245 22¹5,
1608 2204 1719 2236 Strabo
1731 2204 1816 2245 XVI,
1840 2206 1859 2235 2
1886 2215 1917 2245 p.
1943 2205 2034 2243 noo,
2054 2203 2091 2244 A,

440 2253 597 2284 Lucianus
620 2252 651 2283 111
675 2252 825 2292 Necyom.
850 2262 875 2283 e.
900 2252 928 2292 6,
957 2251 1010 2282 ubi
1033 2251 1114 2282 hunc
1137 2260 1263 2291 magum
1286 2252 1317 2281 et
1332 2249 1506 2281 Zoroastris
1531 2247 1682 2290 διάδοχον
1705 2248 1800 2279 fuisse
1823 2247 1907 2278 dixit
1925 2251 1956 2278 et
1978 2257 2091 2278 nomen

441 2296 525 2337 magi
555 2295 677 2327 addidit
704 2295 873 2327 Persicum.
927 2294 995 2326 Huc
1024 2294 1217 2335 Aeschylum
1247 2293 1355 2335 adice,
1388 2293 1420 2324 in
1451 2292 1540 2332 eujus
1570 2291 1681 2332 tragici
1711 2290 1814 2334 Persis
1844 2301 1873 2321 v.
1898 2291 1957 2321 631
1983 2300 2049 2330 sqq.
2072 2300 2092 2320 a

439 2340 605 2371 Persarum
629 2349 737 2371 senum
761 2339 853 2370 choro
866 2338 956 2369 Darii
978 2337 1088 2368 umbra
1110 2340 1241 2380 evocata
1265 2340 1320 2368 est.
1364 2335 1502 2377 Magiam
1524 2335 1627 2376 igitur,
1652 2344 1731 2374 quae
1754 2334 1881 2375 proprie
1904 2333 2025 2374 dieitur,
2049 2332 2090 2363 ad

441 2384 579 2415 Graecos
607 2383 777 2423 antiquitus
806 2393 825 2414 a
847 2381 952 2413 Persis
981 2381 1110 2413 allatam
1139 2391 1207 2413 esse
1238 2386 1322 2413 00110
1351 2383 1473 2411 constat
1502 2389 1603 2419 neque
1632 2378 1665 2409 id
1690 2378 1821 2418 quidem
1844 2377 2021 2409 Lobeckius
2044 2376 2089 2416 (in

440 2427 595 2468 Aglaoph.
624 2437 654 2467 p.
688 2426 761 2469 752)
792 2425 928 2467 negavit.
984 2424 1170 2465 Quanquam
1199 2428 1300 2456 certas
1330 2423 1455 2464 magiae
1485 2426 1591 2464 partes
1620 2432 1682 2453 nou
1711 2421 1790 2453 adeo
1821 2422 1966 2461 antiquas
1996 2419 2090 2451 1111550

442 2469 675 2502 concedendum
699 2473 754 2501 est.
798 2470 846 2500 Ita
868 2468 1042 2500 Favorinus
1068 2479 1119 2510 ap.
1142 2468 1179 2499 A.
1203 2467 1340 2503 Gellium
1362 2467 1400 2498 N.
1413 2467 1450 2498 A.
1468 2466 1553 2507 XIV,
1580 2467 1606 2497 1.
1641 2464 1869 2496 Chaldaeorum
1893 2464 2090 2505 disciplinam

441 2518 548 2545 tantae
564 2513 727 2544 vetustatis
745 2523 813 2544 esse
825 2516 928 2554 negat,
952 2515 1087 2552 quantae
1111 2522 1180 2543 eam
1202 2511 1264 2552 ipsi
1282 2510 1381 2542 videri
1402 2510 1508 2551 velint,
1533 2519 1613 2550 quae
1632 2512 1715 2540 recte
1735 2508 1819 2540 dicta
1831 2518 1897 2540 esse
1910 2506 2089 2538 Lobeckius

443 2558 525 2598 (Agl.
548 2568 579 2598 p.
602 2557 679 2598 420)
706 2556 871 2597 judicavit.
916 2555 978 2587 Sed
1007 2555 1090 2595 quod
1120 2554 1161 2586 ad
1191 2554 1445 2596 neeyomantiam
1472 2552 1622 2595 pertinet,
1651 2553 1729 2584 haec
1756 2551 1880 2592 quidem
1904 2556 1933 2581 01
1957 2549 2086 2581 Graecis

438 2601 505 2641 jam
528 2600 634 2642 paullo
656 2604 728 2631 ante
751 2599 983 2631 Onomaeritum
1007 2599 1132 2639 cognita
1155 2602 1222 2629 erat
1245 2602 1276 2629 et
1298 2598 1434 2629 omnium
1457 2597 1661 2629 consensione
1685 2606 1704 2626 a
1723 2595 1826 2627 Persis
1850 2598 1915 2626 erat
1937 2592 2099 2634 profectas

442 2645 551 2684 Neque
574 2654 667 2675 unam
690 2643 828 2684 magices
851 2643 1017 2674 factionem
1040 2642 1159 2673 Plinius
1183 2641 1299 2673 ibidem
1322 2641 1441 2682 (XXX,
1457 2642 1471 2671 1
1492 2642 1541 2679 §2
1562 2639 1627 2681 1111.)
1649 2640 1744 2670 1111550
1768 2638 1866 2678 docet,
1894 2638 1950 2668 sed
1973 2637 2089 2678 plures,

443 2688 610 2729 Persicam,
634 2687 873 2729 Aegyptiacam,
894 2686 1052 2728 Cypriam,
1077 2690 1157 2726 quae
1177 2695 1226 2716 res
1245 2685 1386 2716 similiter
1406 2684 1437 2715 in
1449 2683 1700 2725 necyomantiam
1713 2681 1871 2713 transferri
1883 2685 1965 2712 recte
1978 2684 2091 2722 potest.
